%YAML 1.1
%TAG !u! tag:unity3d.com,2011:
--- !u!58 &5845364973838112265
CircleCollider2D:
  m_ObjectHideFlags: 0
  m_CorrespondingSourceObject: {fileID: 0}
  m_PrefabInstance: {fileID: 0}
  m_PrefabAsset: {fileID: 0}
  m_GameObject: {fileID: 2341092502016335401}
  m_Enabled: 1
  m_Density: 1
  m_Material: {fileID: 0}
  m_IsTrigger: 0
  m_UsedByEffector: 0
  m_UsedByComposite: 0
  m_Offset: {x: 0, y: 0}
  serializedVersion: 2
  m_Radius: 0.5
--- !u!114 &6003704829143352886
MonoBehaviour:
  m_ObjectHideFlags: 0
  m_CorrespondingSourceObject: {fileID: 0}
  m_PrefabInstance: {fileID: 0}
  m_PrefabAsset: {fileID: 0}
  m_GameObject: {fileID: 2341092502016335401}
  m_Enabled: 1
  m_EditorHideFlags: 0
  m_Script: {fileID: 11500000, guid: d3fc180d49bf4bf881c0472811e05976, type: 3}
  m_Name: 
  m_EditorClassIdentifier: 
  Current: 10
  RegenRate: 1
--- !u!114 &6709464555106648275
MonoBehaviour:
  m_ObjectHideFlags: 0
  m_CorrespondingSourceObject: {fileID: 0}
  m_PrefabInstance: {fileID: 0}
  m_PrefabAsset: {fileID: 0}
  m_GameObject: {fileID: 2341092502016335401}
  m_Enabled: 1
  m_EditorHideFlags: 0
  m_Script: {fileID: 11500000, guid: 1ee446f4172b4ca6a246472d24421491, type: 3}
  m_Name: 
  m_EditorClassIdentifier: 
  Weight: 0.2
  Radius: 3
--- !u!114 &7943044785506072274
MonoBehaviour:
  m_ObjectHideFlags: 0
  m_CorrespondingSourceObject: {fileID: 0}
  m_PrefabInstance: {fileID: 0}
  m_PrefabAsset: {fileID: 0}
  m_GameObject: {fileID: 2341092502016335401}
  m_Enabled: 1
  m_EditorHideFlags: 0
  m_Script: {fileID: 11500000, guid: 58fc3c0b00d4b3042a82e0164476f4f5, type: 3}
  m_Name: 
  m_EditorClassIdentifier: 
  bulletPrefab: {fileID: 2829396359048759529, guid: bc49faa91e7a5184b98b26042eae9c75,
    type: 3}
  RifleLength: 0.25
  ShootRate: 0.25
--- !u!114 &7943044785506072284
MonoBehaviour:
  m_ObjectHideFlags: 0
  m_CorrespondingSourceObject: {fileID: 0}
  m_PrefabInstance: {fileID: 0}
  m_PrefabAsset: {fileID: 0}
  m_GameObject: {fileID: 2341092502016335401}
  m_Enabled: 1
  m_EditorHideFlags: 0
  m_Script: {fileID: 11500000, guid: f6bd4f8beead0b44086122fc6bba51fb, type: 3}
  m_Name: 
  m_EditorClassIdentifier: 
  tickDelay: 0.1
  decisionMaker: {fileID: 8583083216814272245}
--- !u!114 &7943044785506072287
MonoBehaviour:
  m_ObjectHideFlags: 0
  m_CorrespondingSourceObject: {fileID: 0}
  m_PrefabInstance: {fileID: 0}
  m_PrefabAsset: {fileID: 0}
  m_GameObject: {fileID: 2341092502016335401}
  m_Enabled: 1
  m_EditorHideFlags: 0
  m_Script: {fileID: 11500000, guid: 3c760c2a4a691b94ca7029ae404594bc, type: 3}
  m_Name: 
  m_EditorClassIdentifier: 
  Weight: 1
  Target: {fileID: 0}
  ArrivalThreshold: 0.1
--- !u!114 &8155850323751040417
MonoBehaviour:
  m_ObjectHideFlags: 0
  m_CorrespondingSourceObject: {fileID: 0}
  m_PrefabInstance: {fileID: 0}
  m_PrefabAsset: {fileID: 0}
  m_GameObject: {fileID: 2341092502016335401}
  m_Enabled: 1
  m_EditorHideFlags: 0
  m_Script: {fileID: 11500000, guid: 219bd1c2ec1e5244683e931f9eb224dc, type: 3}
  m_Name: 
  m_EditorClassIdentifier: 
  Weight: 0.2
  Radius: 0.2
--- !u!114 &8583083216814272245
MonoBehaviour:
  m_ObjectHideFlags: 0
  m_CorrespondingSourceObject: {fileID: 0}
  m_PrefabInstance: {fileID: 0}
  m_PrefabAsset: {fileID: 0}
  m_GameObject: {fileID: 2341092502016335401}
  m_Enabled: 1
  m_EditorHideFlags: 0
  m_Script: {fileID: 11500000, guid: 3e5e5f795a33d6f48897ad4ce51144a0, type: 3}
  m_Name: 
  m_EditorClassIdentifier: 
  Root: {fileID: 0}
--- !u!1001 &7006527650935583639
PrefabInstance:
  m_ObjectHideFlags: 0
  serializedVersion: 2
  m_Modification:
    m_TransformParent: {fileID: 0}
    m_Modifications:
    - target: {fileID: 4702062561333620152, guid: 7f548a2ef66ee3e498e8accf63cb7ff5,
        type: 3}
      propertyPath: Team
      value: 2
      objectReference: {fileID: 0}
    - target: {fileID: 4702062561333620152, guid: 7f548a2ef66ee3e498e8accf63cb7ff5,
        type: 3}
      propertyPath: maxLinearVelocity
      value: 2
      objectReference: {fileID: 0}
    - target: {fileID: 4702062561333620152, guid: 7f548a2ef66ee3e498e8accf63cb7ff5,
        type: 3}
      propertyPath: maxAngularVelocity
      value: 360
      objectReference: {fileID: 0}
    - target: {fileID: 4702062561333620152, guid: 7f548a2ef66ee3e498e8accf63cb7ff5,
        type: 3}
      propertyPath: maxLinearAcceleration
      value: 2
      objectReference: {fileID: 0}
    - target: {fileID: 4702062561333620152, guid: 7f548a2ef66ee3e498e8accf63cb7ff5,
        type: 3}
      propertyPath: maxAngularAcceleration
      value: 360
      objectReference: {fileID: 0}
    - target: {fileID: 4702062561333620158, guid: 7f548a2ef66ee3e498e8accf63cb7ff5,
        type: 3}
      propertyPath: m_Name
      value: Agent_BT
      objectReference: {fileID: 0}
    - target: {fileID: 4702062561333620159, guid: 7f548a2ef66ee3e498e8accf63cb7ff5,
        type: 3}
      propertyPath: m_RootOrder
      value: 0
      objectReference: {fileID: 0}
    - target: {fileID: 4702062561333620159, guid: 7f548a2ef66ee3e498e8accf63cb7ff5,
        type: 3}
      propertyPath: m_LocalScale.x
      value: 0.15
      objectReference: {fileID: 0}
    - target: {fileID: 4702062561333620159, guid: 7f548a2ef66ee3e498e8accf63cb7ff5,
        type: 3}
      propertyPath: m_LocalScale.y
      value: 0.15
      objectReference: {fileID: 0}
    - target: {fileID: 4702062561333620159, guid: 7f548a2ef66ee3e498e8accf63cb7ff5,
        type: 3}
      propertyPath: m_LocalScale.z
      value: 0.15
      objectReference: {fileID: 0}
    - target: {fileID: 4702062561333620159, guid: 7f548a2ef66ee3e498e8accf63cb7ff5,
        type: 3}
      propertyPath: m_LocalPosition.x
      value: 11.54
      objectReference: {fileID: 0}
    - target: {fileID: 4702062561333620159, guid: 7f548a2ef66ee3e498e8accf63cb7ff5,
        type: 3}
      propertyPath: m_LocalPosition.y
      value: -4.93
      objectReference: {fileID: 0}
    - target: {fileID: 4702062561333620159, guid: 7f548a2ef66ee3e498e8accf63cb7ff5,
        type: 3}
      propertyPath: m_LocalPosition.z
      value: 0
      objectReference: {fileID: 0}
    - target: {fileID: 4702062561333620159, guid: 7f548a2ef66ee3e498e8accf63cb7ff5,
        type: 3}
      propertyPath: m_LocalRotation.w
      value: 0.79335415
      objectReference: {fileID: 0}
    - target: {fileID: 4702062561333620159, guid: 7f548a2ef66ee3e498e8accf63cb7ff5,
        type: 3}
      propertyPath: m_LocalRotation.x
      value: -0
      objectReference: {fileID: 0}
    - target: {fileID: 4702062561333620159, guid: 7f548a2ef66ee3e498e8accf63cb7ff5,
        type: 3}
      propertyPath: m_LocalRotation.y
      value: -0
      objectReference: {fileID: 0}
    - target: {fileID: 4702062561333620159, guid: 7f548a2ef66ee3e498e8accf63cb7ff5,
        type: 3}
      propertyPath: m_LocalRotation.z
      value: 0.6087605
      objectReference: {fileID: 0}
    - target: {fileID: 4702062561333620159, guid: 7f548a2ef66ee3e498e8accf63cb7ff5,
        type: 3}
      propertyPath: m_LocalEulerAnglesHint.x
      value: 0
      objectReference: {fileID: 0}
    - target: {fileID: 4702062561333620159, guid: 7f548a2ef66ee3e498e8accf63cb7ff5,
        type: 3}
      propertyPath: m_LocalEulerAnglesHint.y
      value: 0
      objectReference: {fileID: 0}
    - target: {fileID: 4702062561333620159, guid: 7f548a2ef66ee3e498e8accf63cb7ff5,
        type: 3}
      propertyPath: m_LocalEulerAnglesHint.z
      value: 75
      objectReference: {fileID: 0}
    m_RemovedComponents:
    - {fileID: 1217080172132205015, guid: 7f548a2ef66ee3e498e8accf63cb7ff5, type: 3}
    - {fileID: 9168243353057467889, guid: 7f548a2ef66ee3e498e8accf63cb7ff5, type: 3}
    - {fileID: 2608339250783137410, guid: 7f548a2ef66ee3e498e8accf63cb7ff5, type: 3}
    - {fileID: 3433849737766822324, guid: 7f548a2ef66ee3e498e8accf63cb7ff5, type: 3}
  m_SourcePrefab: {fileID: 100100000, guid: 7f548a2ef66ee3e498e8accf63cb7ff5, type: 3}
--- !u!1 &2341092502016335401 stripped
GameObject:
  m_CorrespondingSourceObject: {fileID: 4702062561333620158, guid: 7f548a2ef66ee3e498e8accf63cb7ff5,
    type: 3}
  m_PrefabInstance: {fileID: 7006527650935583639}
  m_PrefabAsset: {fileID: 0}
